
@book{whitlock2020analysis,
	title = {The analysis of biological data},
	author = {Whitlock, Michael C. and Schluter, Dolph},
	year = {2020},
	date = {2020},
	publisher = {Macmillan Learning},
	edition = {3},
	note = {Citation Key: whitlock2020analysis},
	address = {New York}
}

@misc{nichols,
	title = {Coloring for Colorblindness},
	author = {Nichols, David},
	url = {http://www.davidmathlogic.com/colorblind/},
	langid = {en}
}
